@article{langmuir1928oscillations,
  title={Oscillations in ionized gases},
  author={Langmuir, Irving},
  journal={Proceedings of the National Academy of Sciences of the United States of America},
  volume={14},
  number={8},
  pages={627},
\begin{figure}[h]
  publisher={National Academy of Sciences}
}
@book{krane1987introductory,
  title={Introductory nuclear physics},
  author={Krane, Kenneth S and Halliday, David and others},
  year={1987}
}
@book{chen1984introduction,
  title={Introduction to plasma physics and controlled fusion},
  author={Chen, Francis F and others},
  volume={1},
  year={1984},
  publisher={Springer}
}
@book{bittencourt2013fundamentals,
  title={Fundamentals of plasma physics},
  author={Bittencourt, Jos{\'e} A},
  year={2013},
  publisher={Springer Science \& Business Media}
}
@book{morse2018fusion,
  title={Nuclear Fusion},
  author={Morse, Edward},
  year={2018},
  publisher={Springer}
}
@book{stangeby2000plasma,
  title={The plasma boundary of magnetic fusion devices},
  author={Stangeby, Peter C and others},
  volume={224},
  year={2000},
  publisher={Institute of Physics Pub. Philadelphia, Pennsylvania}
}
@article{baalrud2011kinetic,
  title={Kinetic theory of the presheath and the Bohm criterion},
  author={Baalrud, SD and Hegna, CC},
  journal={Plasma Sources Science and Technology},
  volume={20},
  number={2},
  pages={025013},
  year={2011},
  publisher={IOP Publishing}
}
@book{stacey2010fusion,
  title={Fusion: An introduction to the physics and technology of magnetic confinement fusion},
  author={Stacey, Weston M},
  year={2010},
  publisher={John Wiley \& Sons}
}
@book{lieberman2005principles,
  title={Principles of plasma discharges and materials processing},
  author={Lieberman, Michael A and Lichtenberg, Alan J},
  year={2005},
  publisher={John Wiley \& Sons}
}

